@article{Palestrini200575,
title = "Heart rate and behavioural responses of dogs in the Ainsworth's Strange Situation: A pilot study ",
journal = "Applied Animal Behaviour Science ",
volume = "94",
number = "1â€“2",
pages = "75 - 88",
year = "2005",
note = "",
issn = "0168-1591",
doi = "http://dx.doi.org/10.1016/j.applanim.2005.02.005",
url = "http://www.sciencedirect.com/science/article/pii/S0168159105000535",
author = "Clara Palestrini and Emanuela Prato Previde and Caterina Spiezio and Marina Verga",
keywords = "Dogs",
keywords = "Behaviour",
keywords = "Heart-rate",
keywords = "Attachment",
keywords = "Stress "
}

@article{Siniscalchi20132279,
title = "Seeing Left- or Right-Asymmetric Tail Wagging Produces Different Emotional Responses in Dogs ",
journal = "Current Biology ",
volume = "23",
number = "22",
pages = "2279 - 2282",
year = "2013",
note = "",
issn = "0960-9822",
doi = "http://dx.doi.org/10.1016/j.cub.2013.09.027",
url = "http://www.sciencedirect.com/science/article/pii/S0960982213011433",
author = "Marcello Siniscalchi and Rita Lusito and Giorgio Vallortigara and Angelo Quaranta"
}

@article{Quaranta2007R199,
title = "Asymmetric tail-wagging responses by dogs to different emotive stimuli ",
journal = "Current Biology ",
volume = "17",
number = "6",
pages = "R199 - R201",
year = "2007",
note = "",
issn = "0960-9822",
doi = "http://dx.doi.org/10.1016/j.cub.2007.02.008",
url = "http://www.sciencedirect.com/science/article/pii/S0960982207009499",
author = "A. Quaranta and M. Siniscalchi and G. Vallortigara"
}

@misc{paragonURL,
  author = {PARAGON MEDICAL SUPPLY},
  title = {{Vmed Bluetooth Wireless Veterinary Monitors}},
  howpublished =
      "\url{http://www.paragonmed.com/wirelessmonitors.shtml}",
  year = {2014}, 
  note = "[Online; accessed 02-Dicember-2015]"
}
